<marc:record>
<marc:leader>02712cam a2200565   4500</marc:leader>
<marc:controlfield tag="001">150692</marc:controlfield>
<marc:controlfield tag="005">20141120130252.0</marc:controlfield>
<marc:controlfield tag="008">860508s1769    enk           00001 eng  </marc:controlfield>
<marc:datafield ind1=" " ind2=" " tag="010">
<marc:subfield code="a">16024771 </marc:subfield>
</marc:datafield>
<marc:datafield ind1=" " ind2=" " tag="035">
<marc:subfield code="a">(OCoLC)ocm13261743</marc:subfield>
</marc:datafield>
<marc:datafield ind1=" " ind2=" " tag="035">
<marc:subfield code="a">(OCoLC)13261743</marc:subfield>
</marc:datafield>
<marc:datafield ind1=" " ind2=" " tag="035">
<marc:subfield code="a">(CStRLIN)PAUG86-B18148</marc:subfield>
</marc:datafield>
<marc:datafield ind1=" " ind2=" " tag="035">
<marc:subfield code="a">(CaOTULAS)146824363</marc:subfield>
</marc:datafield>
<marc:datafield ind1=" " ind2=" " tag="035">
<marc:subfield code="9">AAW7554</marc:subfield>
</marc:datafield>
<marc:datafield ind1=" " ind2=" " tag="035">
<marc:subfield code="a">150692</marc:subfield>
</marc:datafield>
<marc:datafield ind1=" " ind2=" " tag="040">
<marc:subfield code="c">PU</marc:subfield>
<marc:subfield code="d">PU</marc:subfield>
</marc:datafield>
<marc:datafield ind1="0" ind2=" " tag="050">
<marc:subfield code="a">PZ3</marc:subfield>
<marc:subfield code="b">.M3363</marc:subfield>
</marc:datafield>
<marc:datafield ind1=" " ind2=" " tag="090">
<marc:subfield code="a">PR3291.A1</marc:subfield>
<marc:subfield code="b">M38 1769</marc:subfield>
<marc:subfield code="i">05/08/86 CTZ</marc:subfield>
</marc:datafield>
<marc:datafield ind1="0" ind2="0" tag="245">
<marc:subfield code="a">Margaretta, countess of Rainsford.</marc:subfield>
<marc:subfield code="b">A sentimental novel ...</marc:subfield>
</marc:datafield>
<marc:datafield ind1="1" ind2="4" tag="246">
<marc:subfield code="a">Margaretta, Countess of Rainsford.</marc:subfield>
<marc:subfield code="d">Letter-press</marc:subfield>
<marc:subfield code="g">Half</marc:subfield>
<marc:subfield code="v">v.1</marc:subfield>
<marc:subfield code="x">Volume</marc:subfield>
</marc:datafield>
<marc:datafield ind1="1" ind2="4" tag="246">
<marc:subfield code="a">Margaretta, Countess of Rainsford. A sentimental novel. In two volumes. Vol. I.</marc:subfield>
<marc:subfield code="d">Letter-press</marc:subfield>
<marc:subfield code="g">Full</marc:subfield>
<marc:subfield code="v">v.1</marc:subfield>
<marc:subfield code="x">Volume</marc:subfield>
</marc:datafield>
<marc:datafield ind1="1" ind2="4" tag="246">
<marc:subfield code="a">Margaretta, Countess of Rainsford.</marc:subfield>
<marc:subfield code="d">Letter-press</marc:subfield>
<marc:subfield code="g">Half</marc:subfield>
<marc:subfield code="v">v.2</marc:subfield>
<marc:subfield code="x">Volume</marc:subfield>
</marc:datafield>
<marc:datafield ind1="1" ind2="4" tag="246">
<marc:subfield code="a">Margaretta, Countess of Rainsford. A sentimental novel. In two volumes. Vol. II.</marc:subfield>
<marc:subfield code="d">Letter-press</marc:subfield>
<marc:subfield code="g">Full</marc:subfield>
<marc:subfield code="v">v.2</marc:subfield>
<marc:subfield code="x">Volume</marc:subfield>
</marc:datafield>
<marc:datafield ind1=" " ind2=" " tag="260">
<marc:subfield code="a">London</marc:subfield>
<marc:subfield code="b">Printed by Adlard and Browne, Fleet Street; for Johnson and Payne, in Pater-Noster Row.</marc:subfield>
<marc:subfield code="c">1769</marc:subfield>
<marc:subfield code="v">v.1</marc:subfield>
<marc:subfield code="v">v.2</marc:subfield>
<marc:subfield code="a">[London]</marc:subfield>
</marc:datafield>
<marc:datafield ind1=" " ind2=" " tag="300">
<marc:subfield code="a">2 v. ;</marc:subfield>
<marc:subfield code="c">17 cm. (12mo)</marc:subfield>
<marc:subfield code="x">Duodecimo</marc:subfield>
<marc:subfield code="z">In two volumes.</marc:subfield>
<marc:subfield code="a">[2 v.]</marc:subfield>
</marc:datafield>
<marc:datafield ind1="4" ind2=" " tag="500">
<marc:subfield code="a">Library marginalia: back paste-down and free endpapers, v.1 and v.2.</marc:subfield>
</marc:datafield>
<marc:datafield ind1="4" ind2=" " tag="510">
<marc:subfield code="a">ESTC (RLIN)</marc:subfield>
<marc:subfield code="c">N4068</marc:subfield>
</marc:datafield>
<marc:datafield ind1="4" ind2=" " tag="510">
<marc:subfield code="a">Raven, J.  British fiction, 1750-1770,</marc:subfield>
<marc:subfield code="c">1284</marc:subfield>
</marc:datafield>
<marc:datafield ind1="4" ind2=" " tag="510">
<marc:subfield code="a">Block, A.  Engl. novel (1961 ed.),</marc:subfield>
<marc:subfield code="c">p. 152</marc:subfield>
</marc:datafield>
<marc:datafield ind1=" " ind2=" " tag="592">
<marc:subfield code="a">Epistolary</marc:subfield>
</marc:datafield>
<marc:datafield ind1=" " ind2=" " tag="594">
<marc:subfield code="a">B. Roberts</marc:subfield>
<marc:subfield code="b">Ink</marc:subfield>
<marc:subfield code="x">Front free endpaper</marc:subfield>
<marc:subfield code="v">v.1</marc:subfield>
</marc:datafield>
<marc:datafield ind1=" " ind2=" " tag="595">
<marc:subfield code="a">Pencil</marc:subfield>
<marc:subfield code="b">Words</marc:subfield>
<marc:subfield code="b">Numbers</marc:subfield>
<marc:subfield code="x">Front free endpaper, v.1: ""1st edn"", ""15.00"", ""2 vols"", ""Anon""."</marc:subfield>
</marc:datafield>
<marc:datafield ind1=" " ind2=" " tag="595">
<marc:subfield code="a">Pencil</marc:subfield>
<marc:subfield code="b">Words</marc:subfield>
<marc:subfield code="b">Numbers</marc:subfield>
<marc:subfield code="x">Back free endpaper, v.1: ""2 vols, zix [?], 7/54"</marc:subfield>
</marc:datafield>
<marc:datafield ind1=" " ind2="4" tag="650">
<marc:subfield code="a">CHR 1769</marc:subfield>
</marc:datafield>
<marc:datafield ind1=" " ind2="4" tag="656">
<marc:subfield code="a">Mixed Genre</marc:subfield>
<marc:subfield code="b">Back</marc:subfield>
<marc:subfield code="c">Same publisher</marc:subfield>
<marc:subfield code="v">v.1</marc:subfield>
</marc:datafield>
<marc:datafield ind1=" " ind2="4" tag="656">
<marc:subfield code="a">Mixed Genre</marc:subfield>
<marc:subfield code="b">Back</marc:subfield>
<marc:subfield code="c">Same publisher</marc:subfield>
<marc:subfield code="v">v.2</marc:subfield>
</marc:datafield>
<marc:datafield ind1="2" ind2=" " tag="700">
<marc:subfield code="a">Roberts, B.</marc:subfield>
<marc:subfield code="4">Inscribed by</marc:subfield>
<marc:subfield code="5">Unauthorized</marc:subfield>
</marc:datafield>
<marc:datafield ind1="2" ind2=" " tag="700">
<marc:subfield code="a">Payne, John</marc:subfield>
<marc:subfield code="d">-1787</marc:subfield>
<marc:subfield code="4">Printed for</marc:subfield>
<marc:subfield code="5">Authorized</marc:subfield>
</marc:datafield>
<marc:datafield ind1="2" ind2=" " tag="700">
<marc:subfield code="a">Johnson, Joseph</marc:subfield>
<marc:subfield code="d">1738-1809</marc:subfield>
<marc:subfield code="4">Printed for</marc:subfield>
<marc:subfield code="5">Authorized</marc:subfield>
</marc:datafield>
<marc:datafield ind1="2" ind2=" " tag="700">
<marc:subfield code="a">Browne</marc:subfield>
<marc:subfield code="4">Printed by</marc:subfield>
<marc:subfield code="5">Unauthorized</marc:subfield>
</marc:datafield>
<marc:datafield ind1="2" ind2=" " tag="700">
<marc:subfield code="a">Adlard</marc:subfield>
<marc:subfield code="4">Printed by</marc:subfield>
<marc:subfield code="5">Unauthorized</marc:subfield>
</marc:datafield>
<marc:datafield ind1="2" ind2=" " tag="710">
<marc:subfield code="a">Johnson and Payne</marc:subfield>
<marc:subfield code="4">Printed for</marc:subfield>
<marc:subfield code="5">Authorized</marc:subfield>
</marc:datafield>
<marc:datafield ind1="2" ind2=" " tag="710">
<marc:subfield code="a">Adlard and Browne</marc:subfield>
<marc:subfield code="4">Printed by</marc:subfield>
<marc:subfield code="5">Unauthorized</marc:subfield>
</marc:datafield>
<marc:datafield ind1="2" ind2=" " tag="710">
<marc:subfield code="a">Collection of British and American Fiction, 1660-1830 (University of Pennsylvania)</marc:subfield>
<marc:subfield code="5">PU</marc:subfield>
</marc:datafield>
<marc:datafield ind1="2" ind2=" " tag="710">
<marc:subfield code="a">Early Novels</marc:subfield>
<marc:subfield code="5">University of Pennsylvania</marc:subfield>
</marc:datafield>
<marc:datafield ind1=" " ind2=" " tag="752">
<marc:subfield code="a">England</marc:subfield>
<marc:subfield code="d">London.</marc:subfield>
</marc:datafield>
<marc:datafield ind1=" " ind2=" " tag="950">
<marc:subfield code="l">RBC</marc:subfield>
<marc:subfield code="e">\\\\\\\\Singer-\\\\Menden-\\\\hall\\\\</marc:subfield>
<marc:subfield code="v">2 v.</marc:subfield>
<marc:subfield code="i">05/08/86 C</marc:subfield>
</marc:datafield>
<marc:datafield ind1=" " ind2=" " tag="955">
<marc:subfield code="l">RBC</marc:subfield>
<marc:subfield code="c">1:(v.1-2)</marc:subfield>
<marc:subfield code="q">55-332</marc:subfield>
<marc:subfield code="i">05/08/86 C</marc:subfield>
</marc:datafield>
<marc:datafield ind1=" " ind2=" " tag="989">
<marc:subfield code="5">Margaretta, Countess of Rainsford</marc:subfield>
<marc:subfield code="5">Margaretta</marc:subfield>
<marc:subfield code="2">Countess</marc:subfield>
<marc:subfield code="4">Rainsford</marc:subfield>
<marc:subfield code="3">Sentimental</marc:subfield>
<marc:subfield code="2">Novel</marc:subfield>
<marc:subfield code="3">Two</marc:subfield>
<marc:subfield code="2">Volume</marc:subfield>
</marc:datafield>
<marc:datafield ind1=" " ind2=" " tag="999">
<marc:subfield code="a">NB</marc:subfield>
<marc:subfield code="b">6/29/15</marc:subfield>
<marc:subfield code="c">Swarthmore College</marc:subfield>
<marc:subfield code="d">MH</marc:subfield>
</marc:datafield>
</marc:record>